10400000         2236783590001180000000000000000000000451067800000000000CGE CENTRAL GAUCHA DE ESTAGIOSCAIXA ECONOMICA FEDERAL                 11704201714194000000205000000                    REMESSA-PRODUCAO                                 
10400011R0100030 20236783590001186780000000000000000000451067800000000000CGE CENTRAL GAUCHA DE ESTAGIOS                                                                                000000021704201700000000                                 
1040001300001P 01004510678000000000000001400000000000030311220303            2804201700000000000013700000004N17042017129042017000000000000000000000000000000000000000000000000000000000000000000000303                      3001999090000000000 
1040001300002Q 011000002423285043LUCIANO GUZINSKI                        RUA ABAETE 52                           SARANDI        91130490PORTO ALEGRE   RS2023678359000118CGE CENTRAL GAUCHA DE ESTAGIOS                                         
1040001300003R 01000000000000000000000000000000000000000000000000000000000000000000000000                                                                                                                                                       
10400015         000005000001000000000000001370000000000000000000000000000000000000000000000                                                                                                                                                    
10499999         000001000007                                                                                                                                                                                                                   
