10400000         2236783590001180000000000000000000000451067800000000000CGE CENTRAL GAUCHA DE ESTAGIOSCAIXA ECONOMICA FEDERAL                 11204201714285900000105000000                    REMESSA-PRODUCAO                                 
10400011R0100030 20236783590001186780000000000000000000451067800000000000CGE CENTRAL GAUCHA DE ESTAGIOS                                                                                000000011204201700000000                                 
1040001300001P 01004510678000000000000001400000000000030111220301            1005201700000000000020000000004N12042017111052017000000000000000000000000000000000000000000000000000000000000000000000301                      3000000090000000000 
1040001300002Q 011000002423258043LUCIANO GUZINSKI                        RUA ABAETE 52                           SARANDI        91130490PORTO ALEGRE   RS2023678359000118CGE CENTRAL GAUCHA DE ESTAGIOS                                         
1040001300003R 01000000000000000000000000000000000000000000000000000000000000000000000000                                                                                                                                                       
10400015         000005000001000000000000002000000000000000000000000000000000000000000000000                                                                                                                                                    
10499999         000001000007                                                                                                                                                                                                                   
