10400000         2236783590001180000000000000000000000451067800000000000CGE CENTRAL GAUCHA DE ESTAGIOSC ECON FEDERAL                          21704201703525600020904000000                    RETORNO-PRODUCAO                  000            
10400011T0100030 20236783590001180000000000000000000000451067800000000000CGE CENTRAL GAUCHA DE ESTAGIOS                                                                                00000209170420170000000000                          00   
1040001300001T 060000006780000000000   1400000000000030301303            28042017000000000000137104004310303                      090000000000000000LUCIANO GUZINSKI                                  000000000000345060102                     
1040001300002U 06000000000000000000000000000000000000000000000000000000000000000000000000137000000000000137000000000000000000000000000000170420171904201700001904201700000000000000000000000000000000000000000000000000000000000000000000       
1040001300003T 060000006780000000000   240000000000073613100000000000000020042017000000000139999041000350000000000000000          090000000000000000                                                  000000000000345040102                     
1040001300004U 06000000000000000000000000000000000000000000000000000000000000000000000139999000000000139999000000000000000000000000000000170420171904201700001904201700000000000000000000000000000000000000000000000000000000000000000000       
1040001300005T 060000006780000000000   240000000000086790100000000000000017042017000000000003934237021820000000000000000          090000000000000000                                                  000000000000345040102                     
1040001300006U 06000000000000000000000000000000000000000000000000000000000000000000000003934000000000003934000000000000000000000000000000170420171904201700001904201700000000000000000000000000000000000000000000000000000000000000000000       
1040001300007T 060000006780000000000   240000000000094270100000000000000017042017000000000015277104018510000000000000000          090000000000000000                                                  000000000000345020102                     
1040001300008U 06000000000000000000000000000000000000000000000000000000000000000000000015277000000000015277000000000000000000000000000000170420171904201700001904201700000000000000000000000000000000000000000000000000000000000000000000       
1040001300009T 060000006780000000000   240000000000096117100000000000000017042017000000000003076104034470000000000000000          090000000000000000                                                  000000000000345060102                     
1040001300010U 06000000000000000000000000000000000000000000000000000000000000000000000003076000000000003076000000000000000000000000000000170420171904201700001904201700000000000000000000000000000000000000000000000000000000000000000000       
1040001300011T 020000006780000000000   1400000000000030301303            28042017000000000000137000000000303                      091000002423285043LUCIANO GUZINSKI                                  000000000000000WD                         
1040001300012U 02000000000000000000000000000000000000000000000000000000000000000000000000000000000000000000000000000000000000000000000000170420170000000000001704201700000000000000000000000000000000000000000000000000000000000000000000       
1040001300013T 280000006780000000000                     0               00000000000000000000000000000000                         000000000000000000                                                  0000000000000000000000000                 
1040001300014U 280000000000000000000000000000000000000000000000000000000000000000000000000000000000000000000000000000000000000000000000001704201700000000000017042017000000000000000                              000                           
10400015         00001600000000000000000000000000000000000000000000000000000000000000000000000000000000000000000000                                                                                                                             
10499999         000001000018                                                                                                                                                                                                                   
